@Misc{3blue1brown2016,
  author = {{3blue1brown}},
  booktitle = {Video File},
  title = {{What are vectors}},
  url = {https://youtu.be/fNk{\_}zzaMoSs},
  urldate = {09.09.2019},
  year = {2016},
}
