@Book{Falconer1996,
  address = {Essex},
  author = {D. S. Falconer and Trudy F. C. Mackay},
  edition = {4},
  isbn = {0582-24302-5},
  publisher = {Addison Wesley Longman Limited},
  title = {{Introduction to Quantitative Genetics}},
  year = {1996},
}
